<record><leader>00000cas a22000007a 4500</leader><controlfield tag="001">21180312</controlfield><controlfield tag="008">900307d189119uunhuwr ne      0    0eng d</controlfield><datafield ind1=" " ind2=" " tag="010"><subfield code="a">sn 90062101 </subfield></datafield><datafield ind1=" " ind2=" " tag="040"><subfield code="a">NVH</subfield><subfield code="b">eng</subfield><subfield code="c">NVH</subfield><subfield code="d">MGN</subfield><subfield code="d">OCLCQ</subfield></datafield><datafield ind1=" " ind2=" " tag="042"><subfield code="a">msc</subfield></datafield><datafield ind1="0" ind2="0" tag="245"><subfield code="a">Calvert's Weirs times and tourists' gazette.</subfield></datafield><datafield ind1=" " ind2=" " tag="260"><subfield code="a">Weirs, N.H. :</subfield><subfield code="b">M.H. Calvert &amp; Co.</subfield></datafield><datafield ind1=" " ind2=" " tag="300"><subfield code="a">v.</subfield></datafield><datafield ind1=" " ind2=" " tag="310"><subfield code="a">Weekly</subfield></datafield><datafield ind1="0" ind2=" " tag="362"><subfield code="a">9th season, no. 1 (June 24, 1891)-</subfield></datafield><datafield ind1=" " ind2=" " tag="500"><subfield code="a">Published during the summer season.</subfield></datafield><datafield ind1=" " ind2=" " tag="752"><subfield code="a">United States</subfield><subfield code="b">New Hampshire</subfield><subfield code="c">Belknap</subfield><subfield code="d">Weirs.</subfield></datafield><datafield ind1="0" ind2="0" tag="780"><subfield code="t">Weirs times and tourist's gazette (Weirs, N.H. : 1883)</subfield><subfield code="w">(DLC)sn 87090519</subfield></datafield></record>